<?xml version="1.0" encoding="UTF-8"?><collection xmlns="http://www.loc.gov/MARC21/slim"><record><leader>00585nam--2200181-i-4500</leader><controlfield tag="001">000025917</controlfield><controlfield tag="002">20161230</controlfield><controlfield tag="005">20161230201036</controlfield><controlfield tag="008">060222s1000------------r-----000-0-eng-d</controlfield><datafield ind1=" " ind2=" " tag="040"><subfield code="a">IFIN-HH</subfield></datafield><datafield ind1=" " ind2=" " tag="080"><subfield code="a">539.12.01</subfield></datafield><datafield ind1="1" ind2=" " tag="100"><subfield code="a">Fivel, Daniel I</subfield></datafield><datafield ind1="1" ind2="0" tag="245"><subfield code="a">Solution of scattering and bound state problems by construction of approximate dynamical symmetries</subfield><subfield code="b">Technical report no 460</subfield><subfield code="c">Daniel i. fivel</subfield></datafield><datafield ind1=" " ind2=" " tag="260"><subfield code="a">College Park, Maryland</subfield><subfield code="b">University Of Maryland</subfield><subfield code="c">1965</subfield></datafield><datafield ind1=" " ind2=" " tag="300"><subfield code="a">/PAG.DIF.</subfield></datafield><datafield ind1=" " ind2=" " tag="490"><subfield code="a">Technical Report</subfield></datafield><datafield ind1=" " ind2=" " tag="852"><subfield code="a">24178</subfield><subfield code="c">539.12</subfield></datafield><datafield ind1=" " ind2=" " tag="CAT"><subfield code="a">Sys</subfield><subfield code="c">20111104</subfield><subfield code="h">135918</subfield></datafield></record></collection>